<record><leader>00000cas a22000007a 4500</leader><controlfield tag="001">15614835</controlfield><controlfield tag="008">870430d187418uuinuwr ne      0    0eng d</controlfield><datafield ind1=" " ind2=" " tag="010"><subfield code="a">sn 87055859 </subfield></datafield><datafield ind1=" " ind2=" " tag="040"><subfield code="a">NPI</subfield><subfield code="b">eng</subfield><subfield code="c">NPI</subfield><subfield code="d">OCLCQ</subfield></datafield><datafield ind1=" " ind2=" " tag="042"><subfield code="a">msc</subfield></datafield><datafield ind1="0" ind2="0" tag="245"><subfield code="a">Logansport Sunday herald.</subfield></datafield><datafield ind1="3" ind2="0" tag="246"><subfield code="a">Sunday herald</subfield></datafield><datafield ind1=" " ind2=" " tag="260"><subfield code="a">Logansport, Ind. :</subfield><subfield code="b">Herald Pub. Co.,</subfield><subfield code="c">1874-</subfield></datafield><datafield ind1=" " ind2=" " tag="310"><subfield code="a">Weekly</subfield></datafield><datafield ind1="0" ind2=" " tag="362"><subfield code="a">Vol. 1, no. 1 (Oct. 25, 1874)-</subfield></datafield><datafield ind1=" " ind2=" " tag="752"><subfield code="a">United States</subfield><subfield code="b">Indiana</subfield><subfield code="c">Cass</subfield><subfield code="d">Logansport.</subfield></datafield></record>